@misc{1,
	author= "",
	title= "perf tutorial,https://perf.wiki.kernel.org/index.php/Tutorial",
	year= "",
	url= "https://perf.wiki.kernel.org/index.php/Tutorial"
	
}

@misc{2,
	author= "",
	title= "Machine cycle,https://www.computerhope.com/jargon/m/machcycl.htm",
	year= "",
	url= "https://www.computerhope.com/jargon/m/machcycl.htm"
	
}

@misc{3,
	author= "",
	title= "OpenMP,https://www.openmp.org/wp-content/uploads/OpenMP-4.0-C.pdf",
	year= "",
	url= "https://www.openmp.org/wp-content/uploads/OpenMP-4.0-C.pdf"
	
}